@manual{ref1,
  address={Rio de Janeiro},
  organization={Associação Brasileira de Normas Técnicasx},
  pages={58},
  subtitle={Caminhos e espaços para cabeamento estruturado},
  title={NBR 16415: Caminhos e espaços para cabeamento estruturado},
  year={2015}
}

@book{ref2,
  title={Guia completo de cabeamento de redes},
  author={Pinheiro, José},
  year={2016},
  publisher={Elsevier Brasil}
}

@manual{ref3,
  organization={Associação Brasileira de Normas Técnicas},
  title={NBR 14565: Cabeamento estruturado para edifícios comerciais},
  address={Rio de Janeiro},
  month={set.},
  year={2019},
  pages={72}
}
